<record><leader>00000cas a2200000 a 4500</leader><controlfield tag="001">11215440</controlfield><controlfield tag="008">841001d19521964utudn ne      0    0eng c</controlfield><datafield ind1=" " ind2=" " tag="010"><subfield code="a">sn 84024775 </subfield></datafield><datafield ind1=" " ind2=" " tag="040"><subfield code="a">NPV</subfield><subfield code="b">eng</subfield><subfield code="c">NPV</subfield><subfield code="d">NPW</subfield><subfield code="d">UNP</subfield><subfield code="d">DLC</subfield><subfield code="d">CNK</subfield><subfield code="d">DLC</subfield><subfield code="d">OCLCQ</subfield><subfield code="d">UBY</subfield><subfield code="d">OCLCQ</subfield><subfield code="d">OCLCF</subfield><subfield code="d">OCLCO</subfield></datafield><datafield ind1="1" ind2=" " tag="029"><subfield code="a">AU@</subfield><subfield code="b">000020340102</subfield></datafield><datafield ind1=" " ind2=" " tag="042"><subfield code="a">pcc</subfield></datafield><datafield ind1=" " ind2=" " tag="043"><subfield code="a">n-us-ut</subfield></datafield><datafield ind1="0" ind2="0" tag="050"><subfield code="a">Newspaper</subfield></datafield><datafield ind1="0" ind2="0" tag="245"><subfield code="a">Deseret news. Salt Lake telegram.</subfield></datafield><datafield ind1="3" ind2="0" tag="246"><subfield code="a">Deseret news</subfield></datafield><datafield ind1="3" ind2="0" tag="246"><subfield code="a">Salt Lake telegram</subfield></datafield><datafield ind1="1" ind2="7" tag="246"><subfield code="a">Deseret news and telegram</subfield></datafield><datafield ind1=" " ind2=" " tag="260"><subfield code="a">Salt Lake City, Utah :</subfield><subfield code="b">[Deseret News Pub. Co.],</subfield><subfield code="c">1952-1964.</subfield></datafield><datafield ind1=" " ind2=" " tag="300"><subfield code="a">23 v. :</subfield><subfield code="b">ill.</subfield></datafield><datafield ind1=" " ind2=" " tag="310"><subfield code="a">Daily (except Sunday)</subfield></datafield><datafield ind1="0" ind2=" " tag="362"><subfield code="a">Vol. 340, no. 63 (Sept. 1, 1952)-v. 362, no. 31 (Aug. 5, 1964).</subfield></datafield><datafield ind1=" " ind2=" " tag="500"><subfield code="a">Publisher's name recorded in: Ayers, 1953.</subfield></datafield><datafield ind1=" " ind2=" " tag="525"><subfield code="a">Includes supplements.</subfield></datafield><datafield ind1=" " ind2=" " tag="525"><subfield code="a">Includes weekly church news supplement.</subfield></datafield><datafield ind1=" " ind2=" " tag="530"><subfield code="a">Also issued on microfilm from Universal Microfilming Corp.</subfield></datafield><datafield ind1=" " ind2=" " tag="580"><subfield code="a">Formed by union of: Deseret news (Salt Lake City, Utah : 1920), and: Salt Lake telegram (Salt Lake City, Utah : 1915).</subfield></datafield><datafield ind1=" " ind2="0" tag="651"><subfield code="a">Salt Lake City (Utah)</subfield><subfield code="v">Newspapers.</subfield></datafield><datafield ind1=" " ind2="7" tag="655"><subfield code="a">Newspapers.</subfield><subfield code="2">fast</subfield><subfield code="0">(OCoLC)fst01423814</subfield></datafield><datafield ind1=" " ind2="7" tag="651"><subfield code="a">Utah</subfield><subfield code="z">Salt Lake City.</subfield><subfield code="2">fast</subfield><subfield code="0">(OCoLC)fst01205314</subfield></datafield><datafield ind1=" " ind2=" " tag="752"><subfield code="a">United States</subfield><subfield code="b">Utah</subfield><subfield code="c">Salt Lake</subfield><subfield code="d">Salt Lake City.</subfield></datafield><datafield ind1="1" ind2="4" tag="780"><subfield code="t">Deseret news (Salt Lake City, Utah : 1920)</subfield><subfield code="w">(DLC)sn 84037033</subfield><subfield code="w">(OCoLC)11256374</subfield></datafield><datafield ind1="1" ind2="4" tag="780"><subfield code="t">Salt Lake telegram (Salt Lake City, Utah : 1915)</subfield><subfield code="w">(DLC)sn 83025538</subfield><subfield code="w">(OCoLC)9561830</subfield></datafield><datafield ind1="0" ind2="0" tag="785"><subfield code="t">Deseret news (Salt Lake City, Utah : 1964)</subfield><subfield code="w">(DLC)sn 83001690</subfield><subfield code="w">(OCoLC)9198605</subfield></datafield></record>